@comment{x-kbibtex-personnameformatting=<%l><, %f>}

@inproceedings{andriluka20142d,
	author = "Andriluka, Mykhaylo and Pishchulin, Leonid and Gehler, Peter and Schiele, Bernt",
	booktitle = "{Proceedings of the IEEE Conference on computer Vision and Pattern Recognition}",
	pages = "3686--3693",
	title = "{2d human pose estimation: New benchmark and state of the art analysis}",
	year = "2014"
}

@inproceedings{he2016deep,
	author = "He, Kaiming and Zhang, Xiangyu and Ren, Shaoqing and Sun, Jian",
	booktitle = "{Proceedings of the IEEE conference on computer vision and pattern recognition}",
	pages = "770--778",
	title = "{Deep residual learning for image recognition}",
	year = "2016"
}

@inproceedings{szegedy2015going,
	author = "Szegedy, Christian and Liu, Wei and Jia, Yangqing and Sermanet, Pierre and Reed, Scott and Anguelov, Dragomir and Erhan, Dumitru and Vanhoucke, Vincent and Rabinovich, Andrew",
	booktitle = "{Proceedings of the IEEE conference on computer vision and pattern recognition}",
	pages = "1--9",
	title = "{Going deeper with convolutions}",
	year = "2015"
}

@inproceedings{zhou2016learning,
	author = "Zhou, Bolei and Khosla, Aditya and Lapedriza, Agata and Oliva, Aude and Torralba, Antonio",
	booktitle = "{Proceedings of the IEEE Conference on Computer Vision and Pattern Recognition}",
	pages = "2921--2929",
	title = "{Learning deep features for discriminative localization}",
	year = "2016"
}

